<record xmlns="http://www.loc.gov/MARC21/slim" xmlns:xsi="http://www.w3.org/2001/XMLSchema-instance" xsi:schemaLocation="http://www.loc.gov/MARC21/slim http://www.loc.gov/standards/marcxml/schema/MARC21slim.xsd">

  <leader>00652nam a2200205Ia 4500</leader>
  <datafield ind2=" " ind1=" " tag="999">
    <subfield code="c">831</subfield>
    <subfield code="d">831</subfield>
  </datafield>
  <controlfield tag="008">170816b1999    cr ||||| |||| 00| | spa d</controlfield>
  <datafield ind1=" " tag="020" ind2=" ">
    <subfield code="a">99687320905</subfield>
  </datafield>
  <datafield tag="090" ind1=" " ind2=" ">
    <subfield code="a">02.01.02 </subfield>
    <subfield code="b">627</subfield>
  </datafield>
  <datafield ind2=" " tag="110" ind1="1">
    <subfield code="a">Costa Rica. Ministerio de Ciencia y Tecnología</subfield>
    <subfield code="9">3053</subfield>
  </datafield>
  <datafield ind1="1" tag="245" ind2="0">
    <subfield code="a">Programa Nacional de Ciencia y Tecnología 1998-2002 /</subfield>
  </datafield>
  <datafield ind1=" " tag="260" ind2=" ">
    <subfield code="a">San José, Costa Rica : </subfield>
    <subfield code="b">El Ministerio, </subfield>
    <subfield code="c">1999</subfield>
  </datafield>
  <datafield ind2=" " tag="300" ind1=" ">
    <subfield code="a">87 páginas</subfield>
  </datafield>
  <datafield ind1="1" tag="650" ind2="4">
    <subfield code="a">PLANIFICACION</subfield>
    <subfield code="9">2302</subfield>
  </datafield>
  <datafield tag="650" ind1="1" ind2="4">
    <subfield code="a">PLANIFICACION DEL DESARROLLO</subfield>
    <subfield code="9">3054</subfield>
  </datafield>
  <datafield ind2="4" tag="650" ind1="1">
    <subfield code="a">POLÍTICA</subfield>
    <subfield code="9">1010</subfield>
  </datafield>
  <datafield tag="650" ind1="1" ind2="4">
    <subfield code="a">CIENCIA Y TECNOLOGÍA </subfield>
    <subfield code="9">37</subfield>
  </datafield>
  <datafield ind2="4" tag="650" ind1="1">
    <subfield code="a">CULTURA CIENTIFICA</subfield>
    <subfield code="9">3055</subfield>
  </datafield>
  <datafield ind2="4" ind1=" " tag="651">
    <subfield code="a">COSTA RICA</subfield>
    <subfield code="9">47</subfield>
  </datafield>
  <datafield ind1=" " tag="942" ind2=" ">
    <subfield code="2">z</subfield>
    <subfield code="c">01</subfield>
  </datafield>
</record>